@phdthesis{farrow2016modeling,
  title={Modeling the Past, Present, and Future of Influenza},
  author={Farrow, David C},
  year={2016},
  school={Carnegie Mellon University},
  type={PhD Thesis},
  url={http://reports-archive.adm.cs.cmu.edu/anon/cbd/CMU-CB-16-101.pdf}
}
@article{szucs1999socio,
  title={The socio-economic burden of influenza},
  author={Szucs, Thomas},
  journal={Journal of Antimicrobial Chemotherapy},
  volume={44},
  number={suppl 2},
  pages={11--15},
  year={1999},
  publisher={Br Soc Antimicrob Chemo}
}
@article{Stohr2002,
  title={Influenza--WHO cares.},
  author={St{\"o}hr, K},
  journal={The Lancet. Infectious diseases},
  volume={2},
  number={9},
  pages={517--517},
  year={2002}
}
@article{molinari2007annual,
  title={The annual impact of seasonal influenza in the US: measuring disease burden and costs},
  author={Molinari, Noelle-Angelique M and Ortega-Sanchez, Ismael R and Messonnier, Mark L and Thompson, William W and Wortley, Pascale M and Weintraub, Eric and Bridges, Carolyn B},
  journal={Vaccine},
  volume={25},
  number={27},
  pages={5086--5096},
  year={2007},
  publisher={Elsevier}
}
@online{who_flu_impact,
  title = {Influenza (Seasonal)},
  organization = {{World Health Organization}},
  url = {http://www.who.int/mediacentre/factsheets/fs211/en/},
  year  = {2018},
  urldate = {2018-01-31}
}
@article{myers2000,
  title={Forecasting disease risk for increased epidemic preparedness in public health},
  author={Myers, Monica F and Rogers, DJ and Cox, J and Flahault, Antoine and Hay, SI},
  journal={Advances in Parasitology},
  volume={47},
  pages={309--330},
  year={2000},
  publisher={Elsevier}
}
@article{nsoesie2013a,
  doi = {10.1111/irv.12226},
  url = {http://dx.doi.org/10.1111/irv.12226},
  year  = {2013},
  month = {dec},
  publisher = {Wiley-Blackwell},
  volume = {8},
  number = {3},
  pages = {309--316},
  author = {Elaine O. Nsoesie and John S. Brownstein and Naren Ramakrishnan and Madhav V. Marathe},
  title = {A systematic review of studies on forecasting the dynamics of influenza outbreaks},
  journal = {Influenza Other Respi Viruses}
}
@article{chretien2014,
  doi = {10.1371/journal.pone.0094130},
  url = {http://dx.doi.org/10.1371/journal.pone.0094130},
  year  = {2014},
  month = {apr},
  publisher = {Public Library of Science ({PLoS})},
  volume = {9},
  number = {4},
  pages = {e94130},
  author = {Jean-Paul Chretien and Dylan George and Jeffrey Shaman and Rohit A. Chitale and F. Ellis McKenzie},
  editor = {Nicholas G. Reich},
  title = {Influenza Forecasting in Human Populations: A Scoping Review},
  journal = {{PLoS} {ONE}}
}
@article{brooks2015,
  doi = {10.1371/journal.pcbi.1004382},
  url = {http://dx.doi.org/10.1371/journal.pcbi.1004382},
  year  = {2015},
  month = {aug},
  publisher = {Public Library of Science ({PLoS})},
  volume = {11},
  number = {8},
  pages = {e1004382},
  author = {Logan C. Brooks and David C. Farrow and Sangwon Hyun and Ryan J. Tibshirani and Roni Rosenfeld},
  editor = {Mark M. Tanaka},
  title = {Flexible Modeling of Epidemics with an Empirical Bayes Framework},
  journal = {{PLOS} Computational Biology}
}
@article{farrow2017human,
  title={A human judgment approach to epidemiological forecasting},
  author={Farrow, David C and Brooks, Logan C and Hyun, Sangwon and Tibshirani, Ryan J and Burke, Donald S and Rosenfeld, Roni},
  journal={PLOS Computational Biology},
  volume={13},
  number={3},
  pages={e1005248},
  year={2017},
  publisher={Public Library of Science}
}
@online{wilidef,
  title = {Overview of Influenza Surveillance in the United States},
  organization = {{Centers for Disease Control and Prevention}},
  url = {http://www.cdc.gov/flu/weekly/overview.htm},
  year  = {2015},
  month = {oct},
  urldate = {2016-01-22}
}
@online{who_ili_def,
  title = {WHO surveillance case definitions for ILI and SARI},
  organization = {{World Health Organization}},
  url = {http://www.who.int/influenza/surveillance_monitoring/ili_sari_surveillance_case_definition/en/},
  year  = {2014},
  month = {jan},
  urldate = {2016-02-25}
}
@article{ritzwoller2005comparison,
  title={Comparison of syndromic surveillance and a sentinel provider system in detecting an influenza outbreakâ€”Denver, Colorado, 2003},
  author={Ritzwoller, Debra P and Kleinman, K and Palen, T and Abrams, A and Kaferly, J and Yih, W and Platt, R},
  journal={MMWR Morb Mortal Wkly Rep},
  volume={54},
  number={Suppl.},
  pages={151--6},
  year={2005}
}
@article{thompson2006epidemiology,
  title={Epidemiology of seasonal influenza: use of surveillance data and statistical models to estimate the burden of disease},
  author={Thompson, William W and Comanor, Lorraine and Shay, David K},
  journal={Journal of Infectious Diseases},
  volume={194},
  number={Supplement 2},
  pages={S82--S91},
  year={2006},
  publisher={Oxford University Press}
}
@book{m2008infectious,
  title={Infectious disease surveillance},
  author={M'ikanatha, Nkuchia M and Lynfield, Ruth and Van Beneden, Chris A and de Valk, Henriette},
  year={2008},
  publisher={John Wiley \& Sons}
}
@article{bonabeau1998geographical,
  title={The geographical spread of influenza},
  author={Bonabeau, Eric and Toubiana, Laurent and Flahault, Antoine},
  journal={Proceedings of the Royal Society of London B: Biological Sciences},
  volume={265},
  number={1413},
  pages={2421--2425},
  year={1998},
  publisher={The Royal Society}
}
@article{viboud2006synchrony,
  title={Synchrony, waves, and spatial hierarchies in the spread of influenza},
  author={Viboud, C{\'e}cile and Bj{\o}rnstad, Ottar N and Smith, David L and Simonsen, Lone and Miller, Mark A and Grenfell, Bryan T},
  journal={science},
  volume={312},
  number={5772},
  pages={447--451},
  year={2006},
  publisher={American Association for the Advancement of Science}
}
@article{eggo2010spatial,
  title={Spatial dynamics of the 1918 influenza pandemic in England, Wales and the United States},
  author={Eggo, Rosalind M and Cauchemez, Simon and Ferguson, Neil M},
  journal={Journal of The Royal Society Interface},
  pages={rsif20100216},
  year={2010},
  publisher={The Royal Society}
}
@article{viboud2013contrasting,
  title={Contrasting the epidemiological and evolutionary dynamics of influenza spatial transmission},
  author={Viboud, C{\'e}cile and Nelson, Martha I and Tan, Yi and Holmes, Edward C},
  journal={Philosophical Transactions of the Royal Society of London B: Biological Sciences},
  volume={368},
  number={1614},
  pages={20120199},
  year={2013},
  publisher={The Royal Society}
}
@article{gog2014spatial,
  title={Spatial transmission of 2009 pandemic influenza in the US},
  author={Gog, Julia R and Ballesteros, S{\'e}bastien and Viboud, C{\'e}cile and Simonsen, Lone and Bjornstad, Ottar N and Shaman, Jeffrey and Chao, Dennis L and Khan, Farid and Grenfell, Bryan T},
  journal={PLoS Comput Biol},
  volume={10},
  number={6},
  pages={e1003635},
  year={2014},
  publisher={Public Library of Science}
}
